<?xml version="1.0" encoding="UTF-8"?><collection xmlns="http://www.loc.gov/MARC21/slim"><record><leader>00505nam--2200193-i-4500</leader><controlfield tag="001">000023930</controlfield><controlfield tag="002">20161230</controlfield><controlfield tag="005">20170118194541</controlfield><controlfield tag="008">060222s1000------------r-----000-0-eng-d</controlfield><datafield ind1=" " ind2=" " tag="020"><subfield code="a">0123300509</subfield></datafield><datafield ind1=" " ind2=" " tag="040"><subfield code="a">IFIN-HH</subfield></datafield><datafield ind1=" " ind2=" " tag="080"><subfield code="a">535.33</subfield></datafield><datafield ind1="1" ind2=" " tag="100"><subfield code="a">Hasrwit, Martin</subfield></datafield><datafield ind1="1" ind2="0" tag="245"><subfield code="a">Hadamard transform optics</subfield><subfield code="c">Martin Hasrwit; Neil J.A. Sloane</subfield></datafield><datafield ind1=" " ind2=" " tag="260"><subfield code="a">London</subfield><subfield code="b">Academic Press</subfield><subfield code="c">1979</subfield></datafield><datafield ind1=" " ind2=" " tag="300"><subfield code="a">XI + 249 p</subfield></datafield><datafield ind1="1" ind2=" " tag="700"><subfield code="a">Sloane, Neil J. A</subfield></datafield><datafield ind1=" " ind2=" " tag="852"><subfield code="a">47293</subfield><subfield code="c">535.33</subfield></datafield><datafield ind1=" " ind2=" " tag="CAT"><subfield code="a">SYS</subfield><subfield code="c">20170118</subfield><subfield code="h">194541</subfield></datafield></record></collection>